@book{typesbook,
    title = {The C\# Player's Guide},
    author = {RB Whitaker},
    year = {2022},
    publisher = {Starbound Software}
}


@online{programiz,
    author = "Programiz",
    title = "Learn C\# Programming",
    url  = "https://www.programiz.com/csharp-programming",
    addendum = "(accessed: 12.05.2024)"
}

@online{microsoft,
    author = "Microsoft",
    title = "C\# language documentation",
    url  = "https://learn.microsoft.com/en-us/dotnet/csharp",
    addendum = "(accessed: 12.05.2024)"
}

@online{w3schools,
    author = "W3Schools",
    title = "C\# Tutorial",
    url  = "https://www.w3schools.com/cs/index.php",
    addendum = "(accessed: 12.05.2024)"
}

@online{var-dynamic,
    author = "Kamlesh Singh",
    title = "Var vs Dynamic vs Object keywords in C\#",
    url  = "https://medium.com/@kamaleshs48/var-vs-dynamic-vs-object-keywords-in-c-3b3cf9cbfd9e",
    addendum = "(accessed: 12.05.2024)"
}


@online{linq,
    author = "Tutorials Point",
    title = "LINQ Tutorial",
    url  = "https://www.tutorialspoint.com/linq/index.htm",
    addendum = "(accessed: 12.05.2024)"
}
